3000 4980
318 340 322 350 '
356 338 1063 423 meruere.xxxr111-xn§§91—95.
1244 340 1285 402 39

127 502 241 566 divine
255 503 355 567 etiam
371 504 411 569 de
427 503 568 589 singulis.
614 503 742 568 Videtis
757 526 832 588 ergo
848 526 912 567 non
928 526 996 569 esse
1018 527 1089 569 eam
1110 511 1179 568 tam
1194 525 1289 568 oocu-

128 614 248 687 patam,
267 627 364 689 quum
387 605 576 689 putabatis?
621 605 685 669 Fue
708 627 776 669 esse
798 605 985 682 distentam,
1008 605 1134 670 caelum
1158 626 1288 668 versan-

127 715 205 782 tem,
220 715 341 772 terram
361 717 520 783 tuentem,
537 709 640 773 maris
658 709 899 788 moderantem3
921 733 978 775 cur
991 718 1060 774 tam
1075 710 1197 774 multos
1212 710 1288 774 deos

127 811 210 875 nihil
225 835 320 898 egere
336 822 370 878 et
390 836 513 878 cessere
534 814 682 899 petitur?
705 837 763 878 cur
782 837 845 879 non
869 815 966 880 rebus
988 815 1140 879 humenis
1162 815 1289 899 aliquos

93 938 110 997 5
128 913 245 978 otiosos
266 915 343 979 deos
365 916 520 1001 praeficit,
545 918 601 1002 qui
624 940 643 981 a
665 925 708 993 te,
727 918 838 994 Balbe,
859 917 1112 982 innumerabiles
1133 916 1288 1002 explicati

127 1019 227 1080 suut?
272 1016 363 1081 Haec
385 1017 451 1082 iere
473 1018 580 1083 dicere
600 1018 702 1083 habui
722 1019 762 1083 de
784 1027 901 1082 natura
919 1017 1061 1096 deorum,
1077 1040 1142 1082 non
1157 1026 1195 1081 nt
1213 1038 1287 1081 eam

127 1115 285 1194 tollerem,
311 1118 367 1181 sed
392 1128 430 1183 ut
456 1119 699 1204 intellegeretis,
723 1142 821 1204 quam
847 1129 932 1184 esset
961 1119 1096 1183 obscure
1125 1128 1158 1183 et
1187 1140 1287 1204 quem

127 1219 272 1285 difficiles
287 1221 467 1306 explicatus
483 1223 626 1289 haberet.

193 1323 262 1388 XL.
306 1325 399 1404 Quae
429 1348 504 1390 cum
535 1325 678 1402 dixisset,
709 1326 808 1393 Cotta
837 1326 944 1392 finem.
993 1326 1137 1391 Lucilius
1166 1334 1339 1404 autemst

77 1453 112 1492 ro
128 1426 373 1507 Vehementius,
397 1430 514 1515 inquit,
541 1430 650 1511 Cotta,
676 1439 713 1495 tu
745 1430 878 1515 quidem
909 1431 1057 1495 inventus
1086 1452 1121 1494 es
1150 1430 1185 1494 in
1214 1451 1287 1494 eam

128 1529 311 1597 Stoicorum
332 1533 501 1610 rationem,
515 1555 598 1618 quae
621 1534 662 1598 de
682 1533 887 1620 providentie
905 1534 1040 1597 deorum
1056 1531 1178 1597 abillis
1197 1554 1287 1597 seno·

128 1633 252 1700 tissime
268 1646 302 1699 et
318 1636 597 1721 providentissime
618 1638 797 1702 constituta
814 1648 871 1702 est.
916 1637 981 1701 Sed
1003 1636 1157 1722 quoniam
1175 1635 1287 1700 adves-

128 1738 275 1821 perascit,
301 1739 393 1804 dabis
423 1741 516 1804 nobis
545 1741 632 1804 diem
659 1741 812 1826 aliquem,
836 1751 875 1806 ut
904 1750 1018 1805 contra
1043 1742 1107 1805 iste
1132 1741 1287 1804 dicemus.

128 1841 188 1907 Est
202 1844 290 1908 euim
306 1845 387 1909 mihi
403 1853 512 1909 tecum
528 1867 584 1929 pro
604 1846 668 1909 aris
683 1854 717 1909 et
732 1845 809 1909 focis
829 1853 993 1910 certamen
1015 1854 1050 1910 et
1073 1867 1130 1929 pro
1153 1845 1288 1908 deorum

76 1971 110 2031 15
128 1946 260 2030 templis
275 1955 373 2032 atque
392 1947 534 2012 delubris
555 1970 676 2033 proque
700 1947 789 2012 urbis
810 1947 919 2025 muris,
935 1969 1016 2032 quos
1030 1969 1096 2024 vos,
1111 1945 1288 2031 pontifices,

127 2059 254 2114 sanctos
276 2073 345 2116 esse
368 2051 475 2115 dicitis
498 2051 752 2138 diligentiusque
775 2051 891 2116 urbem
913 2050 1069 2136 religione
1091 2072 1189 2134 quem
1208 2050 1288 2135 ipsis

128 2153 297 2218 moenibus
327 2154 473 2240 cingitis;
504 2178 586 2240 quse
617 2154 721 2219 deseri
750 2177 770 2219 a
800 2177 861 2232 me,
893 2155 971 2218 dum
1003 2153 1136 2239 quidem
1166 2153 1288 2240 spirare

128 2266 249 2343 potero,
267 2258 356 2322 nefas
374 2258 494 2342 judico.
539 2259 624 2322 Tum
648 2258 766 2323 Cotta:
791 2257 859 2343 Ego
882 2280 957 2321 vero
981 2266 1015 2322 et
1037 2266 1114 2342 opto
1136 2255 1288 2337 redargui
1300 2267 1338 2326 95

128 2383 189 2438 me,
206 2361 317 2439 Balbe,
332 2370 365 2426 et
380 2384 426 2438 oa,
443 2385 526 2447 quae
541 2363 713 2447 disputavi,
729 2362 883 2428 disserere
903 2364 1004 2427 malui
1023 2384 1122 2448 quem
1140 2361 1287 2447 judicare

76 2487 114 2526 20
129 2474 163 2529 et
179 2465 271 2529 facile
288 2487 340 2529 me
356 2487 376 2528 a
391 2474 425 2529 te
440 2466 527 2530 vinci
543 2488 634 2551 posse
650 2475 737 2531 certo
753 2466 825 2532 seio.
857 2465 995 2551 Quippe,
1010 2466 1119 2552 inquit
1133 2465 1289 2545 Velleius,

128 2569 185 2654 qui
201 2568 301 2633 etiem
316 2569 442 2633 somnia
455 2578 551 2654 putet
565 2569 606 2633 nd
622 2591 680 2634 nos
698 2569 786 2634 mitti
807 2569 849 2635 ab
868 2569 961 2647 Jove,
978 2591 1062 2654 quae
1083 2569 1154 2655 ipsa
1176 2578 1288 2634 tumen

128 2683 197 2738 tem
227 2674 313 2738 levia
336 2695 401 2736 non
427 2682 513 2752 sunt,
538 2696 636 2759 quam
662 2683 711 2739 est
737 2674 919 2739 Stoicorum
945 2675 1126 2739 denatura
1154 2673 1288 2739 deornm

127 2778 238 2842 oratio.
283 2778 375 2841 Haeo
404 2800 477 2842 cum
512 2787 620 2843 essent
649 2778 744 2854 dicte,
774 2779 822 2843 ita
851 2777 1063 2856 discessimus,
1093 2786 1132 2841 ut
1162 2775 1288 2842 Velleio

128 2881 245 2946 Cottae
267 2881 446 2965 disputatio
468 2881 580 2958 verior,
598 2880 680 2946 mihi
701 2881 796 2947 Balbi
814 2880 1019 2947 adventatis
1039 2881 1288 2947 similitudinem

76 3009 91 3047 2
95 3006 111 3066 5
128 2985 293 3050 videretur
309 3007 377 3050 esse
392 2986 586 3072 propensior.

178 3188 246 3247 urst,
265 3189 305 3235 uti
322 3186 352 3236 B.
503 3189 535 3238 10
552 3190 580 3238 in
596 3205 651 3238 eam
668 3188 719 3250 OE,
732 3190 828 3237 ineram
846 3185 918 3248 (with
935 3202 949 3236 r
965 3185 1064 3247 erased)
1076 3186 1107 3244 A,
1119 3187 1147 3234 in
1161 3200 1228 3235 eram
1244 3185 1288 3235 BP

130 3271 252 3334 (superse.
266 3272 351 3333 istum)
363 3269 405 3329 V¹,
416 3273 444 3320 in
456 3286 548 3320 meram
560 3270 652 3321 V²Oxf
661 3275 738 3328 nv,
750 3272 779 3319 in
796 3286 880 3320 aream
898 3273 973 3321 utam
990 3274 1011 3329 1,
1023 3272 1051 3319 s'rr
1070 3284 1155 3319 aeram
1173 3271 1249 3318 utam
1260 3272 1285 3321 la.

131 3352 162 3400 12
175 3351 394 3414 providentissime
403 3351 519 3416 [rcqu
531 3353 725 3416 prudentissime
736 3350 789 3402 ΒΕ.
