3000 4980
383 1237 435 1311 M.
473 1237 674 1313 TULLII
718 1238 1038 1316 CICERONIS

237 1479 342 1586 DE
405 1477 747 1586 NATURA
811 1479 1180 1590 DEORUM.

569 1784 822 1795 ————

452 1992 643 2066 LIBER
685 1991 960 2068 TERTIUS.

197 2178 222 2243 I.
267 2178 369 2258 QUAE
395 2201 470 2243 eum
494 2177 615 2242 Balbus
641 2175 784 2250 dixisset,
808 2184 881 2241 turn
903 2176 1046 2241 arridens
1070 2175 1177 2253 Cotta,
1200 2175 1317 2252 Sero,1

131 2279 247 2365 inquit,
274 2279 364 2356 mihi,
388 2278 499 2355 Balbe,
530 2277 696 2363 praecipis,
719 2277 797 2363 quid
823 2277 1003 2342 defendam.
1048 2277 1116 2362 Ego
1140 2276 1227 2341 enim
1253 2285 1286 2341 te

130 2382 327 2468 disput-aute,
343 2382 423 2468 quid
443 2392 553 2448 contra
576 2381 726 2460 dicerem,
741 2404 869 2446 meeum
884 2381 953 2467 ipse
974 2380 1163 2458 meditabar,
1181 2402 1286 2466 neque

131 2495 199 2550 tam
224 2486 391 2551 refellendi
421 2487 470 2551 tui
493 2507 590 2550 causa
613 2507 712 2571 quam
737 2508 784 2562 ea,
808 2507 891 2569 quae
915 2485 1022 2549 miuus
1048 2482 1286 2570 intellegebam,

99 2615 115 2675 5
131 2588 322 2673 requirendi.
355 2588 438 2654 Cum
455 2597 566 2652 autern
581 2609 639 2652 suo
654 2587 771 2672 cuique
782 2587 906 2673 judicio
921 2587 964 2652 sit
978 2587 1147 2664 utendum,
1157 2585 1287 2652 difficile

130 2691 218 2755 factu
243 2700 292 2755 est
318 2714 371 2756 me
391 2692 425 2756 id
445 2691 574 2769 sentire,
598 2691 685 2777 quod
708 2699 745 2755 tu
769 2690 856 2755 velis.
901 2690 966 2754 Hie
988 2689 1141 2768 Velleius
1163 2689 1318 2768 Nesciat

131 2794 246 2880 inquit,
278 2804 402 2880 quanta
430 2818 504 2860 eum
534 2793 784 2880 exspectatione,
814 2793 922 2873 Cotta,
952 2793 1014 2858 sim
1043 2801 1077 2859 te
1107 2793 1286 2861 auditurus.

130 2897 301 2962 ducundus
316 2897 404 2962 euim
420 2896 522 2961 Bulbo
538 2906 648 2962 nostro
662 2918 768 2961 sermo
787 2904 865 2960 tuus
883 2903 994 2960 contra
1011 2895 1187 2981 Epicurum
1203 2896 1286 2975 fuit3

131 2999 290 3084 praebebo
312 2999 412 3084 igitur
434 3021 493 3084 ego
516 3022 569 3064 me
592 2998 653 3064 tibi
675 2998 817 3063 vicissim
839 3006 1005 3063 attentum
1028 3007 1139 3063 contra
1161 2997 1286 3064 Stoicos

80 3133 116 3171 10
130 3103 319 3168 auditorem.
369 3103 470 3188 Spero
500 3103 588 3168 enim
617 3111 661 3183 te,
690 3112 728 3168 ut
757 3103 847 3179 soleo,
877 3103 959 3166 bene
989 3110 1138 3187 paratum
1168 3102 1286 3168 venire.

131 3207 215 3271 Tum
239 3205 345 3283 Cotta,
367 3205 421 3273 Sic
443 3206 635 3284 mehercule,
657 3204 774 3290 inquit,
798 3204 923 3285 Vellei;
954 3226 1058 3289 neque
1088 3204 1175 3268 enim
1205 3204 1317 3273 mihis

130 3334 189 3397 par
209 3311 292 3375 ratio
313 3332 387 3375 cum
407 3311 531 3375 Lucilio
552 3319 602 3375 est
622 3333 659 3375 ao
673 3319 783 3374 tecum
806 3309 877 3373 snit.
920 3308 986 3388 Qui
1001 3307 1156 3372 tandem?
1178 3307 1287 3394 inquit

131 3413 194 3478 ille.
238 3414 324 3493 Quia
350 3412 431 3476 mihi
456 3413 585 3478 videtur
609 3413 767 3498 Epicurus
790 3421 896 3476 vester
917 3411 957 3475 de
979 3411 1028 3476 dis
1050 3411 1286 3478 immortalibus

131 3540 195 3581 uon
217 3538 411 3602 magnopere
434 3538 595 3602 pugnare;
622 3525 751 3580 tanturn
774 3515 869 3580 modo
892 3538 1009 3601 negare
1032 3516 1108 3582 deos
1130 3539 1198 3582 esse
1221 3539 1286 3581 non

80 3650 114 3710 ¹5
131 3620 239 3696 audet,
261 3642 301 3683 ne
325 3619 403 3704 quid
426 3619 567 3685 invidiae
590 3618 705 3684 subeat
727 3627 786 3684 aut
807 3618 958 3684 oriminis.
1005 3619 1090 3686 Cum
1113 3642 1187 3684 vero
1209 3620 1286 3685 deos

131 3724 213 3787 nihil
234 3745 336 3808 agere,
361 3722 443 3786 nihil
466 3744 576 3787 curare
598 3723 768 3786 confirmat
794 3721 1012 3808 membrisque
1035 3722 1187 3786 humanis
1216 3744 1285 3789 esse

131 3828 300 3914 praeditos,
320 3826 377 3892 sed
398 3848 508 3892 eorum
527 3826 745 3892 membrorum
764 3849 859 3891 usum
880 3826 1008 3890 nullum
1027 3825 1155 3902 habere,
1175 3825 1285 3891 ludere

180 4023 304 4086 linquid
320 4021 351 4070 ΔΙ
369 4022 426 4071 aleo
442 4020 471 4070 In
488 4022 692 4084 7,11‚12‚p.n
709 4023 727 4070 l.
744 4022 784 4079 12,
801 4020 950 4071 anderten.
1054 4022 1157 4085 δίωσιν
1173 4024 1287 4089 [ΒῩῙΙΟ

131 4107 200 4163 Λευ,
209 4106 310 4168 foetum
322 4104 428 4154 ACEBG
439 4103 507 4165 om,
519 4106 581 4168 satu
596 4103 659 4154 Red.
670 4108 700 4156 11.
792 4105 822 4152 11
839 4107 876 4154 ete
891 4102 948 4155 odd.
963 4103 1029 4154 alter
1043 4103 1145 4167 Lamb,
1158 4109 1182 4155 ri
1193 4107 1286 4158 ABRV

132 4188 156 4237 U
169 4187 227 4238 Oxi.
239 4188 338 4248 Aeo.÷,
358 4189 412 4235 etue
433 4186 473 4237 CB
493 4186 567 4245 nen,
587 4189 632 4237 aed
648 4187 739 4245 Mars,
759 4189 807 4236 aim
827 4185 912 4236 Bouh.
931 4186 1005 4248 Em„
1028 4203 1083 4237 rum
1103 4189 1169 4239 GET
1189 4189 1285 4241 Heind.

133 4268 164 4315 12
183 4283 234 4330 por
252 4270 319 4316 rnu'o
338 4282 403 4317 oorr.
423 4281 455 4318 ex
469 4269 574 4331 paratio
591 4267 643 4319 ΑΒ.
751 4269 781 4316 13
805 4269 868 4331 qnia
884 4282 933 4318 use
952 4267 1090 4331 generally,
1116 4284 1191 4332 quom
1209 4269 1283 4332 VUO,

132 4349 251 4410 quoniam
263 4347 320 4399 ext

220 4444 254 4494 n.
270 4444 298 4493 c.
329 4444 379 4494 111.
1180 4434 1197 4494 1
